    @BOOK{Koutny,
      author =       "Jiří Koutný",
      title =        "Gramatiky s omezenými derivačními stromy, phd thesis",
      publisher =    "Brno, FIT VUT v Brně",
      year =         "2002",
    }

    @BOOK{MedunaIFJ,
      author =       "Alexander Meduna",
      title =        "Formal languages and computation: models and their applications",
      publisher =    "Taylor \& Francis, New York",
      year =         "2014",
      ISBN =         "978-1-4665-1345-7",
    }

    @BOOK{Hopcroft,
      autor =        "John E. Hopcroft, Rajeev Motwani, Jeffrey D. Ullman",
      title =        "Introduction to Automata Theory, Languages, and Computation",
      publisher =    "Boston: Pearson; Addison-Wesley",
      year =         "2007",
      ISBN =         "0-321-47617-4"
    }

   @MISC{Knuth,
      author =       "Donald Ervin Knuth",
      title =        "On the Translation of Languages from Left to Right [online]",
      publisher =    "Mathematics Department, California Institute of Technology, Pasadena, California",
      year =         "1965 [cit. 2016-3-29]",
      howpublished=  "{\tt http://www.cs.dartmouth.edu/~mckeeman/cs48/mxcom/doc/knuth65.pdf}",
   }
